<?xml version="1.0" encoding="UTF-8"?><collection xmlns="http://www.loc.gov/MARC21/slim"><record><leader>00782nam--2200205-u-4500</leader><controlfield tag="001">000053062</controlfield><controlfield tag="002">20161230</controlfield><controlfield tag="005">20161230201050</controlfield><controlfield tag="008">110104s1000------------r-----000-0-eng-d</controlfield><datafield ind1=" " ind2=" " tag="020"><subfield code="a">0735401470</subfield></datafield><datafield ind1=" " ind2=" " tag="040"><subfield code="a">IFIN-HH</subfield></datafield><datafield ind1=" " ind2=" " tag="080"><subfield code="a">538.941:(004.942)(063)</subfield></datafield><datafield ind1="1" ind2=" " tag="100"><subfield code="a">Avella, Adolfo</subfield></datafield><datafield ind1="1" ind2="0" tag="245"><subfield code="a">Lectures on the physics of highly correlated electron systems vii</subfield><subfield code="b">Seventh training course in the physics of correlated electron systems and high-tc superconductors, salerno, italy, 14-25 october 2002</subfield><subfield code="c">ADOLFO AVELLA; FERDINANDO MANCINI (Eds.)</subfield></datafield><datafield ind1=" " ind2=" " tag="260"><subfield code="a">Melville, New York</subfield><subfield code="b">American Institute Of Physics</subfield><subfield code="c">2003</subfield></datafield><datafield ind1=" " ind2=" " tag="300"><subfield code="a">363P</subfield></datafield><datafield ind1=" " ind2=" " tag="490"><subfield code="a">Aip Conference Proccedings</subfield><subfield code="v">Vol. 678</subfield></datafield><datafield ind1="1" ind2=" " tag="700"><subfield code="a">Mancini, Ferdinando</subfield><subfield code="e">Ed</subfield></datafield><datafield ind1=" " ind2=" " tag="852"><subfield code="a">81744</subfield><subfield code="c">538.9</subfield></datafield><datafield ind1=" " ind2=" " tag="CAT"><subfield code="a">Sys</subfield><subfield code="c">20110104</subfield><subfield code="h">114306</subfield></datafield></record></collection>